@ARTICLE{papp2017sum,
   author = {{Papp}, D. and {Y{\i}ld{\i}z}, S.},
    title = "{Sum-of-squares optimization without semidefinite programming}",
  journal = {ArXiv e-prints},
archivePrefix = "arXiv",
   eprint = {1712.01792},
 primaryClass = "math.OC",
 keywords = {Mathematics - Optimization and Control, 90C25, 90C51, 65D05, 90C22},
     year = 2017,
    month = dec,
   adsurl = {http://adsabs.harvard.edu/abs/2017arXiv171201792P},
  adsnote = {Provided by the SAO/NASA Astrophysics Data System}
}

@article{ahmadi2017dsos,
  title={DSOS and SDSOS optimization: more tractable alternatives to sum of squares and semidefinite optimization},
  author={Ahmadi, Amir Ali and Majumdar, Anirudha},
  journal={arXiv preprint arXiv:1706.02586},
  year={2017}
}

@Book{burgdorf2016optimization,
  title     = {Optimization of polynomials in non-commuting variables},
  publisher = {Springer},
  year      = {2016},
  author    = {Burgdorf, Sabine and Klep, Igor and Povh, Janez},
  file      = {:ebooks/Burgdorf\; Klep\; Povh_2016_Optimization of polynomials in non-commuting variables.pdf:PDF},
}

@Article{Lofberg2009,
  author    = {Lofberg, Johan},
  title     = {Pre-and post-processing sum-of-squares programs in practice},
  journal   = {IEEE Trans Autom Control},
  year      = {2009},
  volume    = {54},
  number    = {5},
  pages     = {1007--1011},
  file      = {:papers/Lofberg_2009_Pre-and post-processing sum-of-squares programs in practice.pdf:PDF},
  publisher = {IEEE},
}

@InProceedings{prajna2004new,
  Title                    = {New developments in sum of squares optimization and SOSTOOLS},
  Author                   = {Prajna, Stephen and Papachristodoulou, Antonis and Seiler, Peter and Parrilo, Pablo A},
  Booktitle                = {Proceedings of the American Control Conference},
  Year                     = {2004},
  Pages                    = {5606--5611},

  File                     = {:papers/Prajna\; Papachristodoulou\; Seiler\; Parrilo_2004_New developments in sum of squares optimization and SOSTOOLS.pdf:PDF},
  Tags                     = {SOS}
}
